<record><leader>00000cas a2200000 a 4500</leader><controlfield tag="001">21500757</controlfield><controlfield tag="008">900509d190519uuiluwr ne      0   a0eng c</controlfield><datafield ind1=" " ind2=" " tag="010"><subfield code="a">sn 90054088 </subfield></datafield><datafield ind1=" " ind2=" " tag="040"><subfield code="a">NVF</subfield><subfield code="b">eng</subfield><subfield code="c">NVF</subfield><subfield code="d">OCLCQ</subfield><subfield code="d">NVF</subfield><subfield code="d">OCLCF</subfield><subfield code="d">NVF</subfield><subfield code="d">OCLCO</subfield></datafield><datafield ind1="1" ind2=" " tag="029"><subfield code="a">AU@</subfield><subfield code="b">000020604772</subfield></datafield><datafield ind1=" " ind2=" " tag="042"><subfield code="a">pcc</subfield></datafield><datafield ind1=" " ind2=" " tag="043"><subfield code="a">n-us-il</subfield></datafield><datafield ind1="0" ind2=" " tag="130"><subfield code="a">Illinois State register (Springfield, Ill. : 1905)</subfield></datafield><datafield ind1="1" ind2="0" tag="245"><subfield code="a">Illinois State register.</subfield></datafield><datafield ind1=" " ind2=" " tag="260"><subfield code="a">Springfield, Ill. :</subfield><subfield code="b">H.W. Clendenin &amp; T. Rees,</subfield><subfield code="c">1905-[19--?]</subfield></datafield><datafield ind1=" " ind2=" " tag="300"><subfield code="a">v.</subfield></datafield><datafield ind1=" " ind2=" " tag="310"><subfield code="a">Weekly,</subfield><subfield code="b">June 5, 1908-&lt;Dec. 27, 1912&gt;</subfield></datafield><datafield ind1=" " ind2=" " tag="321"><subfield code="a">Semiweekly,</subfield><subfield code="b">Jan. 3, 1905-May 29, 1908</subfield></datafield><datafield ind1="0" ind2=" " tag="362"><subfield code="a">Jan. 3, 1905-</subfield></datafield><datafield ind1=" " ind2=" " tag="580"><subfield code="a">Daily ed.: Illinois State register (Springfield, Ill. : 1891), 1905-&lt;1941&gt;.</subfield></datafield><datafield ind1=" " ind2=" " tag="588"><subfield code="a">Latest issue consulted: Jan. 20, 1941.</subfield></datafield><datafield ind1="1" ind2="0" tag="610"><subfield code="a">Illinois.</subfield><subfield code="b">General Assembly</subfield><subfield code="v">Newspapers.</subfield></datafield><datafield ind1=" " ind2="0" tag="650"><subfield code="a">Legislative journals</subfield><subfield code="z">Illinois.</subfield></datafield><datafield ind1=" " ind2="0" tag="651"><subfield code="a">Illinois</subfield><subfield code="v">Newspapers.</subfield></datafield><datafield ind1=" " ind2="7" tag="655"><subfield code="a">Newspapers.</subfield><subfield code="2">fast</subfield><subfield code="0">(OCoLC)fst01423814</subfield></datafield><datafield ind1=" " ind2=" " tag="752"><subfield code="a">United States</subfield><subfield code="b">Illinois</subfield><subfield code="c">Sangamon</subfield><subfield code="d">Springfield.</subfield></datafield><datafield ind1="1" ind2=" " tag="775"><subfield code="t">Illinois State register (Springfield, Ill. : 1891)</subfield><subfield code="w">(DLC)sn 82016059</subfield><subfield code="w">(OCoLC)9143867</subfield></datafield><datafield ind1="0" ind2="0" tag="780"><subfield code="t">Weekly Illinois State register (Springfield, Ill. : 1900)</subfield><subfield code="w">(DLC)sn 90054087</subfield><subfield code="w">(OCoLC)21499926</subfield></datafield></record>